%% This BibTeX bibliography file was created using BibDesk.
%% https://bibdesk.sourceforge.io/

%% Created for Nicola Ferro at 2022-02-27 11:07:14 +0100 


%% Saved with string encoding Unicode (UTF-8) 



@article{Turing1936,
	author = {Turing, A. M.},
	date-added = {2022-02-27 11:07:12 +0100},
	date-modified = {2022-02-27 11:07:12 +0100},
	journal = {{Proceedings London Mathematical Society, ser. 2}},
	pages = {230--265},
	title = {{On Computable Numbers, with an Application to the Entscheidungs-problem}},
	volume = {42},
	year = {1936}}
